<?xml version="1.0" encoding="UTF-8"?><collection><record><leader>06068ntm a2200577 a 4500</leader><controlfield tag="001">006815294</controlfield><controlfield tag="003">MiAaHDL</controlfield><controlfield tag="005">20190719000000.0</controlfield><controlfield tag="006">m        d        </controlfield><controlfield tag="007">cr bn ---auaua</controlfield><controlfield tag="008">090610s14uu    xx            ||| | ara d</controlfield><datafield tag="035" ind1=" " ind2=" "><subfield code="a">(MiU)006815294</subfield></datafield><datafield tag="035" ind1=" " ind2=" "><subfield code="a">sdr-miu006815294</subfield></datafield><datafield tag="040" ind1=" " ind2=" "><subfield code="a">MiU</subfield><subfield code="c">MiU</subfield><subfield code="e">amremm</subfield></datafield><datafield tag="043" ind1=" " ind2=" "><subfield code="a">n-us-mi</subfield></datafield><datafield tag="100" ind1="1" ind2=" "><subfield code="6">880-01</subfield><subfield code="a">Ṣafadī, Khalīl ibn Aybak,</subfield><subfield code="d">approximately 1297-1363.</subfield></datafield><datafield tag="245" ind1="1" ind2="0"><subfield code="6">880-03</subfield><subfield code="a">Ladhdhat al-sam‘ fī waṣf al-dam‘,</subfield><subfield code="f">[15th century?].</subfield></datafield><datafield tag="246" ind1="3" ind2=" "><subfield code="a">Tashnīf al-samʻ bi-insikāb al-damʻ</subfield></datafield><datafield tag="246" ind1="3" ind2=" "><subfield code="i">Title in GAL:</subfield><subfield code="a">Tashnīf al-samʻ fī waṣf al-damʻ</subfield></datafield><datafield tag="246" ind1="3" ind2=" "><subfield code="i">Title in GAL:</subfield><subfield code="a">Ladhdhat al-sam‘ fī ṣifat al-dam‘</subfield></datafield><datafield tag="260" ind1=" " ind2=" "><subfield code="c">[14--?].</subfield></datafield><datafield tag="300" ind1=" " ind2=" "><subfield code="a">67 leaves :</subfield><subfield code="b">paper ;</subfield><subfield code="c">177 x 135 (129 x 99) mm.</subfield></datafield><datafield tag="500" ind1=" " ind2=" "><subfield code="a">Shelfmark: Ann Arbor, University of Michigan, Special Collections Library, Isl. Ms. 645</subfield></datafield><datafield tag="500" ind1=" " ind2=" "><subfield code="a">Origin: Lacks dated colophon ; paper, etc. may suggest 15th century.</subfield></datafield><datafield tag="500" ind1=" " ind2=" "><subfield code="a">Accompanying materials: Acquisitions slip from Yahuda.</subfield></datafield><datafield tag="500" ind1=" " ind2=" "><subfield code="a">Former shelfmark: From inner front cover and label on lower cover, "IL 310" (likely supplied by Yahuda, see acquisitions slip).</subfield></datafield><datafield tag="500" ind1=" " ind2=" "><subfield code="a">Binding: Pasteboards covered in now much damaged green-blue paper with tan leather over spine and traces of dark red-brown leather over edges/turn-ins ; Type II binding (originally with flap, though now lost) ; board linings in yellow laid paper ; sewn in heavy light pink thread ; overall in quite poor condition with significant abrasion and staining, lifting and losses of leather, paper and boards, delamination of boards, fully detached from textblock, etc.</subfield></datafield><datafield tag="500" ind1=" " ind2=" "><subfield code="a">Support: non-European (likely Arab) laid paper with 7 laid lines per cm. (20 in 26 mm., vertical) and chain lines (two groups of three visible) with 6-8 mm. between chains and 44-55 between groups (quite curved, horizontal, see pp.8-9, 6-11 and 68-69) ; inclusions, well-burnished, fairly smooth.</subfield></datafield><datafield tag="500" ind1=" " ind2=" "><subfield code="a">Script: Naskh ; an elegant 'Syrian' or Egyptian [?] hand ; virtually serifless with slight effect of tilt to the left and of words descending to baseline, quite rounded with curvilinear descenders, elongation of horiztonal strokes, open and closed counters, freely ligatured, pointing mainly in distinct dots though three dots represented by a curved stroke, sīn also marked, bar (shaqq) of kāf often detached from vertical stroke, final hāʼ looking like two inverted commas one atop the other ; extensively vocalized.</subfield></datafield><datafield tag="500" ind1=" " ind2=" "><subfield code="a">Layout: Written mainly in 11 lines per page.</subfield></datafield><datafield tag="500" ind1=" " ind2=" "><subfield code="a">Collation: V-1 (9), 5 V(59), III+2 (67) ; chiefly quinions ; quire numbering in the form of whole words in the upper outer corner of the recto of the opening leaf of the first two and final quires ; catchwords present ; pagination in pencil, Western numerals, supplied during digitization.</subfield></datafield><datafield tag="500" ind1=" " ind2=" "><subfield code="a">Explicit: "اخر المنتقى من لذة السمع في وصف الدمع للمرحوم الشيخ صلاح الدين الصفدي رحمه الله تعالى والحمد لله وحده وصلوته على سيدنا محمد واله وصحبه وسلامه وحسبنا الله ونعم الوكيل"</subfield></datafield><datafield tag="500" ind1=" " ind2=" "><subfield code="a">Incipit: "قال الشيخ الامام الاديب البليغ صلاح الدين الصفدي تغمده الله تعالى برحمته ورضوانه الحمد لله الذي جعلني ممن شما بالعلم وسمح ... وبعد فاني لما رأيت الشعراء قد اطنبوا في ذكر الدمع ..."</subfield></datafield><datafield tag="500" ind1=" " ind2=" "><subfield code="a">Title from 'title page' (p.1).</subfield></datafield><datafield tag="500" ind1=" " ind2=" "><subfield code="a">Ms. codex.</subfield></datafield><datafield tag="510" ind1="4" ind2=" "><subfield code="a">University of Michigan Library. Manuscripts &amp; papyri : an exhibition arranged for the XXVII International Congress of Orientalists, Ann Arbor, Michigan, August 13-19, 1967. (Ann Arbor, MI [?], 1967),</subfield><subfield code="c">no.72, p.19</subfield></datafield><datafield tag="510" ind1="4" ind2=" "><subfield code="a">Rosenthal, F. "Ṣafadī." EI2,</subfield><subfield code="c">vol. VIII, p.759, col.1</subfield></datafield><datafield tag="510" ind1="4" ind2=" "><subfield code="a">Brockelmann, C. GAL,</subfield><subfield code="c">II 31</subfield></datafield><datafield tag="520" ind1="8" ind2=" "><subfield code="a">Fine copy of the treatise (consisting mainly of verses) on tears by the well-known philologist and littérateur Ṣalāḥ al-Dīn Khalīl ibn Aybak al-Ṣafadī (d.1363).</subfield></datafield><datafield tag="538" ind1=" " ind2=" "><subfield code="a">Mode of access: Internet.</subfield></datafield><datafield tag="541" ind1=" " ind2=" "><subfield code="a">Acquired in 1926 from the bookseller Isaac Benjamin S.E. Yahuda via purchase transacted on his behalf by his younger brother, the famous Orientalist and manuscript collector Abraham Shalom Yahuda (1877-1951).</subfield></datafield><datafield tag="546" ind1=" " ind2=" "><subfield code="a">Arabic.</subfield></datafield><datafield tag="561" ind1=" " ind2=" "><subfield code="a">Ownership statements on 'title page' (p.1) include statement in name of Abū Shihāb al-Maqdisī ( ابو شهاب المقدسي ) reads "من كتب الحقير ابو شهاب المقدسي ..." and statement in name of Muḥammad ibn Ḥasan al-Bayṭār ( محمد بن حسن البيطار ) dated Ṣafar 1253 [May-June 1837], reads "ملكه من فضل الغفار محمد بن حسن البيطار وبالشراء الشرعي في صفر سنه ١٢٥٣ ... عفي عنه م" ; reading / study notice (repeated twice) on verso of final leaf (p.134) and on verso of leaf carrying the close (p.132) in name of ʻAbd al-Ḥayy al-Bahnasī ( عبد الحي البهنسي ) dated 1157 [1744 or 5], reads "نظر فيه الفقير اليه سبحانه عبد الحي البهنسي" and "نطر فيه الفقير اليه عز شانه عبد الحي البهنسي في سنه ١١٥٧" ; statement on lower board lining in name of Ṣāliḥ ibn ʻAlī ( صالح ابن علي ).</subfield></datafield><datafield tag="650" ind1=" " ind2="0"><subfield code="a">Manuscripts, Arabic</subfield><subfield code="z">Michigan</subfield><subfield code="z">Ann Arbor.</subfield></datafield><datafield tag="650" ind1=" " ind2="0"><subfield code="a">Arabic poetry</subfield><subfield code="y">1258-1800.</subfield></datafield><datafield tag="650" ind1=" " ind2="0"><subfield code="a">Crying in literature</subfield><subfield code="v">Early works to 1800.</subfield></datafield><datafield tag="700" ind1="0" ind2=" "><subfield code="6">880-08</subfield><subfield code="a">Muḥammad ibn Ḥasan al-Bayṭār,</subfield><subfield code="d">fl. 1837,</subfield><subfield code="e">former owner.</subfield></datafield><datafield tag="773" ind1="0" ind2=" "><subfield code="a">Yahuda Collection.</subfield></datafield><datafield tag="880" ind1="0" ind2=" "><subfield code="6">700-08/</subfield><subfield code="a">محمد بن حسن البيطار,</subfield><subfield code="e">مالك سابق.</subfield></datafield><datafield tag="880" ind1="1" ind2="0"><subfield code="6">245-03/</subfield><subfield code="a">لذة السمع في وصف الدمع,</subfield><subfield code="f">[القرن 15م؟].</subfield></datafield><datafield tag="880" ind1="1" ind2=" "><subfield code="6">100-01/</subfield><subfield code="a">صفدي، خليل بن ايبك.</subfield></datafield><datafield tag="CID" ind1=" " ind2=" "><subfield code="a">006815294</subfield></datafield><datafield tag="DAT" ind1="0" ind2=" "><subfield code="a">20190719102639.0</subfield><subfield code="b">20190719000000.0</subfield></datafield><datafield tag="DAT" ind1="1" ind2=" "><subfield code="a">20190719090653.0</subfield><subfield code="b">2019-07-19T16:11:51Z</subfield></datafield><datafield tag="DAT" ind1="2" ind2=" "><subfield code="a">2015-10-02T18:00:03Z</subfield></datafield><datafield tag="CAT" ind1=" " ind2=" "><subfield code="a">SDR-MIU</subfield><subfield code="d">EX LIBRIS - ALEPH</subfield><subfield code="l">prepare.pl-004-008</subfield></datafield><datafield tag="FMT" ind1=" " ind2=" "><subfield code="a">BK</subfield></datafield><datafield tag="HOL" ind1=" " ind2=" "><subfield code="0">sdr-miu006815294</subfield><subfield code="a">MiU</subfield><subfield code="b">SDR</subfield><subfield code="c">MIU</subfield><subfield code="p">mdp.39015079129360</subfield><subfield code="s">MIU</subfield><subfield code="1">006815294</subfield></datafield><datafield tag="974" ind1=" " ind2=" "><subfield code="b">MIU</subfield><subfield code="c">MIU</subfield><subfield code="d">20190719</subfield><subfield code="s">lit-dlps-dc</subfield><subfield code="u">mdp.39015079129360</subfield><subfield code="y">1499</subfield><subfield code="r">pd</subfield><subfield code="q">bib</subfield><subfield code="t">non-US bib date1 &lt; 1879</subfield></datafield></record></collection>